<collection xmlns="http://www.loc.gov/MARC21/slim">
<record>
  <leader>00968nam0a22002291i 450 </leader>
  <controlfield tag="001">IT\ICCU\CNCE\037256</controlfield>
  <controlfield tag="005">20061120000000.0</controlfield>
  <datafield tag="100" ind1=" " ind2=" ">
    <subfield code="a">19980821d1580        0itac0103    ba</subfield>
  </datafield>
  <datafield tag="101" ind1=" " ind2=" ">
    <subfield code="a">LAT</subfield>
  </datafield>
  <datafield tag="102" ind1=" " ind2=" ">
    <subfield code="a">IT</subfield>
  </datafield>
  <datafield tag="200" ind1="1" ind2=" ">
    <subfield code="a">Pantheologiae summam uniersae theologicae veritatis ... Tomus primus \-secundus! auctore r. p. f. Raynerio de Pisis ...</subfield>
  </datafield>
  <datafield tag="210" ind1=" " ind2=" ">
    <subfield code="a">Brixiae</subfield>
    <subfield code="c">apud Petrum Bozzolam</subfield>
    <subfield code="d">1580</subfield>
  </datafield>
  <datafield tag="300" ind1=" " ind2=" ">
    <subfield code="a">Annullata!!! E&apos; la 27161</subfield>
  </datafield>
  <datafield tag="620" ind1=" " ind2=" ">
    <subfield code="a">IT</subfield>
    <subfield code="d">Brescia</subfield>
  </datafield>
  <datafield tag="700" ind1=" " ind2="0">
    <subfield code="a">Rainerius</subfield>
    <subfield code="c"> : de#Pisis</subfield>
    <subfield code="3">IT\ICCU\CNCA\008240</subfield>
  </datafield>
  <datafield tag="712" ind1="0" ind2="0">
    <subfield code="a">Bozzola, Pietro</subfield>
    <subfield code="3">IT\ICCU\CNCT\000735</subfield>
    <subfield code="4">650</subfield>
  </datafield>
  <datafield tag="790" ind1=" " ind2="1">
    <subfield code="a">De_Pisis,</subfield>
    <subfield code="b">Raynerius</subfield>
    <subfield code="3">IT\ICCU\CNCA\015305</subfield>
    <subfield code="z">Rainerius : de#Pisis</subfield>
  </datafield>
  <datafield tag="790" ind1=" " ind2="0">
    <subfield code="a">Raniero Giordani</subfield>
    <subfield code="c"> : da#Pisa</subfield>
    <subfield code="3">IT\ICCU\CNCA\023637</subfield>
    <subfield code="z">Rainerius : de#Pisis</subfield>
  </datafield>
  <datafield tag="790" ind1=" " ind2="0">
    <subfield code="a">Rainerus</subfield>
    <subfield code="c"> : de#Pisis</subfield>
    <subfield code="3">IT\ICCU\CNCA\023638</subfield>
    <subfield code="z">Rainerius : de#Pisis</subfield>
  </datafield>
  <datafield tag="791" ind1="0" ind2="0">
    <subfield code="a">Bozola, Petrus</subfield>
    <subfield code="3">IT\ICCU\CNCT\003650</subfield>
    <subfield code="z">Bozzola, Pietro</subfield>
  </datafield>
  <datafield tag="801" ind1=" " ind2="3">
    <subfield code="a">IT</subfield>
    <subfield code="b">ICCU</subfield>
    <subfield code="c">20201114</subfield>
  </datafield>
  <datafield tag="899" ind1=" " ind2=" ">
    <subfield code="a">Biblioteca Claudiana. Anagni</subfield>
    <subfield code="1">FR0131</subfield>
    <subfield code="2">ZFR 11</subfield>
  </datafield>
</record>
</collection>
